@book{hansen90a,
	added-at = {2007-06-15T17:33:15.000+0200},
	address = {London},
	author = {Hansen, J. P. and McDonald, I.},
	biburl = {https://www.bibsonomy.org/bibtex/2522326475ad9c92b639d9e4d350043b3/kaigrass},
	interhash = {cf70c82c8e34c869272f4fa014a637f4},
	intrahash = {522326475ad9c92b639d9e4d350043b3},
	keywords = {imported},
	optvolume = {2},
	publisher = {Academic},
	timestamp = {2007-06-15T17:33:19.000+0200},
	title = {Theory of Simple Liquids},
	year = 1990
}

@artwork{chire_deutsch_2011,
	title = {Deutsch:  Illustration von Clusteranalyse mit de:{DBSCAN} ({minPts}=3). Punkte bei A sind Kernpunkte, und bilden einen Cluster. Die Punkte B und C sind keine Kernpunkte, sind aber Ã¼ber die Objekte bei A dichte-verbunden und daher Teil dieses Clusters. Punkt N ist weder ein Kernpunkt noch im Kern eines anderen Punktes, daher wird er als Rauschen klassifiziert.English:  Illustration of en:{DBSCAN} cluster analysis ({minPts}=3). Points around A are core points. Points B and C are not core points, but are density-connected via the cluster of A (and thus belong to this cluster). Point N is Noise, since it is neither a core point nor reachable from a core point.},
	url = {https://commons.wikimedia.org/wiki/File:DBSCAN-Illustration.svg},
	shorttitle = {Deutsch},
	author = {{Chire}},
	date = {2011-10-20},
}

@software{thompson_lammps_2022,
	title = {{LAMMPS} - a flexible simulation tool for particle-based materials modeling at the atomic, meso, and continuum scales},
	rights = {{GPL}-2.0},
	url = {https://www.sciencedirect.com/science/article/pii/S0010465521002836},
	abstract = {Public development project of the {LAMMPS} {MD} software package},
	author = {Thompson, Aidan P. and Aktulga, H. Metin and Berger, Richard and Bolintineanu, Dan S. and Brown, W. Michael and Crozier, Paul S. and in 't Veld, Pieter J. and Kohlmeyer, Axel and Moore, Stan G. and Nguyen, Trung Dac and Shan, Ray and Stevens, Mark J. and Tranchida, Julien and Trott, Christian and Plimpton, Steven J.},
	date = {2022-02},
	doi = {10.1016/j.cpc.2021.108171},
	note = {Publication Title: Computer Physics Communications
	Volume: 271
	original-date: 2013-08-09T17:45:11Z},
}

