@book{hansen90a,
	added-at = {2007-06-15T17:33:15.000+0200},
	address = {London},
	author = {Hansen, J. P. and McDonald, I.},
	biburl = {https://www.bibsonomy.org/bibtex/2522326475ad9c92b639d9e4d350043b3/kaigrass},
	interhash = {cf70c82c8e34c869272f4fa014a637f4},
	intrahash = {522326475ad9c92b639d9e4d350043b3},
	keywords = {imported},
	optvolume = {2},
	publisher = {Academic},
	timestamp = {2007-06-15T17:33:19.000+0200},
	title = {Theory of Simple Liquids},
	year = 1990
}

@artwork{chire_deutsch_2011,
	title = {Deutsch:  Illustration von Clusteranalyse mit de:{DBSCAN} ({minPts}=3). Punkte bei A sind Kernpunkte, und bilden einen Cluster. Die Punkte B und C sind keine Kernpunkte, sind aber über die Objekte bei A dichte-verbunden und daher Teil dieses Clusters. Punkt N ist weder ein Kernpunkt noch im Kern eines anderen Punktes, daher wird er als Rauschen klassifiziert.English:  Illustration of en:{DBSCAN} cluster analysis ({minPts}=3). Points around A are core points. Points B and C are not core points, but are density-connected via the cluster of A (and thus belong to this cluster). Point N is Noise, since it is neither a core point nor reachable from a core point.},
	url = {https://commons.wikimedia.org/wiki/File:DBSCAN-Illustration.svg},
	shorttitle = {Deutsch},
	author = {{Chire}},
	date = {2011-10-20},
}

@inproceedings{ester_density-based_1996,
	location = {Portland, Oregon},
	title = {A density-based algorithm for discovering clusters in large spatial databases with noise},
	series = {{KDD}'96},
	abstract = {Clustering algorithms are attractive for the task of class identification in spatial databases. However, the application to large spatial databases rises the following requirements for clustering algorithms: minimal requirements of domain knowledge to determine the input parameters, discovery of clusters with arbitrary shape and good efficiency on large databases. The well-known clustering algorithms offer no solution to the combination of these requirements. In this paper, we present the new clustering algorithm {DBSCAN} relying on a density-based notion of clusters which is designed to discover clusters of arbitrary shape. {DBSCAN} requires only one input parameter and supports the user in determining an appropriate value for it. We performed an experimental evaluation of the effectiveness and efficiency of {DBSCAN} using synthetic data and real data of the {SEQUOIA} 2000 benchmark. The results of our experiments demonstrate that (1) {DBSCAN} is significantly more effective in discovering clusters of arbitrary shape than the well-known algorithm {CLAR}-{ANS}, and that (2) {DBSCAN} outperforms {CLARANS} by a factor of more than 100 in terms of efficiency.},
	pages = {226--231},
	booktitle = {Proceedings of the Second International Conference on Knowledge Discovery and Data Mining},
	publisher = {{AAAI} Press},
	author = {Ester, Martin and Kriegel, Hans-Peter and Sander, Jörg and Xu, Xiaowei},
	date = {1996-08-02},
}

